@ONLINE{github,
author = {Juan Manuel Mu\~noz Perez, Alexandre Careil},
title = {Projet Github},
month = "Février",
year = {2014},
url = {http://github.com/hhalex/PLS14}
}

@ONLINE{marseille-oar,
author = {Université de Marseille},
title = {Tutoriel OAR},
month = "Décembre",
year = {2013},
url = {http://cbrl.up.univ-mrs.fr/~mesocentre/tutoriaux/Oar.php}
}

@ONLINE{vialle:oar,
author = {Stéphane Vialle},
title = {Prise en main d'OAR},
month = "Septembre",
year = {2012},
url = {http://www.metz.supelec.fr/metz/personnel/vialle/course/Mineure-HPC/be-OptimSerielles/BE-OAR.html}
}

@ONLINE{git:eclipse,
author = {Vogel, Lars},
title = {Git tutorial with Eclipse (EGit)},
month = "Janvier",
year = {2014},
url = {http://www.vogella.com/tutorials/EclipseGit/article.html}
}

@ONLINE{jsch:website,
author = {JCraft},
title = {JSch - Java Secure channel},
month = "Mars",
year = {2014},
url = {http://www.jcraft.com/jsch/}
}

@ONLINE{ssh:connection,
author = {Al Wasim, Ripon },
title = {SSH Connection Java - Stack Overflow},
month = "Janvier",
year = {2013},
url = {http://stackoverflow.com/questions/3303122/ssh-connection-java}
}

@ONLINE{run:shell:commands,
author = {Pankaj},
title = {Java Program to run shell commands on SSH enabled System},
month = "Février",
year = {2011},
url = {http://www.journaldev.com/246/java-program-to-run-shell-commands-on-ssh-enabled-system}
}

@ONLINE{javadoc:jsch,
author = {Ebermann, Paŭlo},
title = {Javadoc of Package com.jcraft.jsch},
month = "Décembre",
year = {2011},
url = {http://epaul.github.io/jsch-documentation/javadoc/}
}

@ONLINE{ssh:beanizer,
author = {Beanizer},
title = {Java ssh tunneling with JSch},
month = "",
year = {2011},
url = {http://www.beanizer.org/site/index.php/en/Articles/Java-ssh-tunneling-with-jsch.html}
}

@ONLINE{jsch:manual,
author = {},
title = {JSch Manual},
month = "Avril",
year = {2011},
url = {http://wiki.jsch.org/index.php?Manual}
}

@book{ssh:guide,
author = {Daniel J. Barrett, Richard E. Silvermann},
title = {SSH, The Secure Shell: The Definitive Guide},
date = {Février 2011},
OPTisbn = {0-596-00011-1},
OPTchapter = {Chapter 9. Port Forwarding and X Forwarding},
}

@manual{oar:userguide,
ALTauthor = {Capit Nicolas, Emeras Joseph},
title = {OAR Documentation - User Guide},
date = {Novembre 2012},
OPTurl = {http://oar.imag.fr/sources/2.5/docs/documentation/OAR-DOCUMENTATION-ADMIN.pdf},
}

@ONLINE{sdz:layout,
author = {Cyrille Herby},
title = {Positionner son composant : les layouts manager},
month = "Janvier",
year = {2013},
url = {http://fr.openclassrooms.com/informatique/cours/apprenez-a-programmer-en-java/positionner-son-composant-les-layout-managers}
}

@ONLINE{threads:developpez,
author = {Guy, Romain},
title = {Threads et performances avec Swing},
month = "Juin",
year = {2006},
url = {http://gfx.developpez.com/tutoriel/java/swing/swing-threading/}
}

@ONLINE{oar2,
 author = {Inria/IGRIDA},
title = {Oar tutorial},
 url = "http://igrida.gforge.inria.fr/tutorial.html",
  year = {2013}, 
  note = "[En ligne; lu en Mars 2014]"
}
@BOOK{git,
AUTHOR    = {Scott Chacon}, 
TITLE     = {Pro Git},
PUBLISHER = {Apress},
YEAR      = {2009},
ISBN       = {978-1-4302-1833-3}
}

@BOOK{shell,
AUTHOR    = {Cameron Newham}, 
TITLE     = {Learning the bash Shell},
edition = {3},
PUBLISHER = {O'reilly},
YEAR      = {2005}
}